<?xml version="1.0" encoding="UTF-8"?><record xmlns="http://www.loc.gov/MARC21/slim" xmlns:cinclude="http://apache.org/cocoon/include/1.0" xmlns:zs="http://www.loc.gov/zing/srw/">
  <leader>00907cz  a2200241n  4500</leader>
  <controlfield tag="001">no2008178633</controlfield>
  <controlfield tag="003">DLC</controlfield>
  <controlfield tag="005">20130326120229.0</controlfield>
  <controlfield tag="008">081203n| acannaabn          |a aaa     c</controlfield>
  <datafield tag="010" ind1=" " ind2=" ">
    <subfield code="a">no2008178633</subfield>
  </datafield>
  <datafield tag="035" ind1=" " ind2=" ">
    <subfield code="a">(OCoLC)oca07954358</subfield>
  </datafield>
  <datafield tag="040" ind1=" " ind2=" ">
    <subfield code="a">NcU</subfield>
    <subfield code="b">eng</subfield>
    <subfield code="c">NcU</subfield>
    <subfield code="d">NcU</subfield>
    <subfield code="d">DLC</subfield>
  </datafield>
  <datafield tag="100" ind1="1" ind2=" ">
    <subfield code="a">Keats, John,</subfield>
    <subfield code="d">1795-1821.</subfield>
    <subfield code="t">Poems.</subfield>
    <subfield code="k">Selections.</subfield>
    <subfield code="l">Italian &amp; English</subfield>
  </datafield>
  <datafield tag="400" ind1="1" ind2=" ">
    <subfield code="a">Keats, John,</subfield>
    <subfield code="d">1795-1821.</subfield>
    <subfield code="t">Iperione, odi e sonetti</subfield>
  </datafield>
  <datafield tag="400" ind1="1" ind2=" ">
    <subfield code="w">nnea</subfield>
    <subfield code="a">Keats, John,</subfield>
    <subfield code="d">1795-1821.</subfield>
    <subfield code="t">Poems.</subfield>
    <subfield code="l">Italian &amp; English.</subfield>
    <subfield code="k">Selections</subfield>
  </datafield>
  <datafield tag="400" ind1="1" ind2=" ">
    <subfield code="a">Keats, John,</subfield>
    <subfield code="d">1795-1821.</subfield>
    <subfield code="t">Poesie</subfield>
  </datafield>
  <datafield tag="400" ind1="1" ind2=" ">
    <subfield code="a">Keats, John,</subfield>
    <subfield code="d">1795-1821.</subfield>
    <subfield code="t">Poesie: odi e sonetti</subfield>
  </datafield>
  <datafield tag="400" ind1="1" ind2=" ">
    <subfield code="a">Keats, John,</subfield>
    <subfield code="d">1795-1821.</subfield>
    <subfield code="t">Sonetti</subfield>
  </datafield>
  <datafield tag="667" ind1=" " ind2=" ">
    <subfield code="a">THIS 1XX FIELD CANNOT BE USED UNDER RDA UNTIL THIS RECORD HAS BEEN REVIEWED AND/OR UPDATED</subfield>
  </datafield>
  <datafield tag="670" ind1=" " ind2=" ">
    <subfield code="a">Sonetti, 2000.</subfield>
  </datafield>
  <datafield tag="670" ind1=" " ind2=" ">
    <subfield code="a">Iperione, odi e sonetti, 1925</subfield>
  </datafield>
  <datafield tag="670" ind1=" " ind2=" ">
    <subfield code="a">Poesie: odi e sonetti, 1999</subfield>
  </datafield>
  <datafield tag="670" ind1=" " ind2=" ">
    <subfield code="a">Poesie, 1983</subfield>
  </datafield>
</record>